%YAML 1.1
%TAG !u! tag:unity3d.com,2011:
--- !u!1 &6571829027229429337
GameObject:
  m_ObjectHideFlags: 0
  m_CorrespondingSourceObject: {fileID: 0}
  m_PrefabInstance: {fileID: 0}
  m_PrefabAsset: {fileID: 0}
  serializedVersion: 6
  m_Component:
  - component: {fileID: 6571829027229429331}
  - component: {fileID: 6571829027229429330}
  - component: {fileID: 6571829027229429333}
  - component: {fileID: 2788720192743851313}
  - component: {fileID: 3202567495436841049}
  - component: {fileID: 6571829027229429328}
  - component: {fileID: 6571829027229429335}
  - component: {fileID: 6571829027229429332}
  m_Layer: 0
  m_Name: Player
  m_TagString: Untagged
  m_Icon: {fileID: 0}
  m_NavMeshLayer: 0
  m_StaticEditorFlags: 0
  m_IsActive: 1
--- !u!4 &6571829027229429331
Transform:
  m_ObjectHideFlags: 0
  m_CorrespondingSourceObject: {fileID: 0}
  m_PrefabInstance: {fileID: 0}
  m_PrefabAsset: {fileID: 0}
  m_GameObject: {fileID: 6571829027229429337}
  m_LocalRotation: {x: 0, y: 0, z: 0, w: 1}
  m_LocalPosition: {x: 0, y: 0, z: 0}
  m_LocalScale: {x: 1, y: 1, z: 1}
  m_Children:
  - {fileID: 6567257060801141022}
  m_Father: {fileID: 0}
  m_RootOrder: 0
  m_LocalEulerAnglesHint: {x: 0, y: 0, z: 0}
--- !u!54 &6571829027229429330
Rigidbody:
  m_ObjectHideFlags: 0
  m_CorrespondingSourceObject: {fileID: 0}
  m_PrefabInstance: {fileID: 0}
  m_PrefabAsset: {fileID: 0}
  m_GameObject: {fileID: 6571829027229429337}
  serializedVersion: 2
  m_Mass: 1
  m_Drag: 0
  m_AngularDrag: 0
  m_UseGravity: 0
  m_IsKinematic: 0
  m_Interpolate: 1
  m_Constraints: 112
  m_CollisionDetection: 0
--- !u!136 &6571829027229429333
CapsuleCollider:
  m_ObjectHideFlags: 0
  m_CorrespondingSourceObject: {fileID: 0}
  m_PrefabInstance: {fileID: 0}
  m_PrefabAsset: {fileID: 0}
  m_GameObject: {fileID: 6571829027229429337}
  m_Material: {fileID: 0}
  m_IsTrigger: 0
  m_Enabled: 1
  m_Radius: 0.3
  m_Height: 1.8
  m_Direction: 1
  m_Center: {x: 0, y: 0.9, z: 0}
--- !u!114 &2788720192743851313
MonoBehaviour:
  m_ObjectHideFlags: 0
  m_CorrespondingSourceObject: {fileID: 0}
  m_PrefabInstance: {fileID: 0}
  m_PrefabAsset: {fileID: 0}
  m_GameObject: {fileID: 6571829027229429337}
  m_Enabled: 1
  m_EditorHideFlags: 0
  m_Script: {fileID: 11500000, guid: b6738efc04169824387c44fe7b367a98, type: 3}
  m_Name: 
  m_EditorClassIdentifier: 
  baseValue: 100
  minValue: 0
  maxValue: 100
--- !u!114 &3202567495436841049
MonoBehaviour:
  m_ObjectHideFlags: 0
  m_CorrespondingSourceObject: {fileID: 0}
  m_PrefabInstance: {fileID: 0}
  m_PrefabAsset: {fileID: 0}
  m_GameObject: {fileID: 6571829027229429337}
  m_Enabled: 1
  m_EditorHideFlags: 0
  m_Script: {fileID: 11500000, guid: a7d816d91a7c66a4bb4c932d96cb207c, type: 3}
  m_Name: 
  m_EditorClassIdentifier: 
  baseValue: 100
  minValue: 0
  maxValue: 100
  canRegenerate: 1
  regenRate: 1
  regenDelay: 5
--- !u!114 &6571829027229429328
MonoBehaviour:
  m_ObjectHideFlags: 0
  m_CorrespondingSourceObject: {fileID: 0}
  m_PrefabInstance: {fileID: 0}
  m_PrefabAsset: {fileID: 0}
  m_GameObject: {fileID: 6571829027229429337}
  m_Enabled: 1
  m_EditorHideFlags: 0
  m_Script: {fileID: 11500000, guid: 701f81f750ba0a64ca898d1f84f9abba, type: 3}
  m_Name: 
  m_EditorClassIdentifier: 
  _speed: 5
  _angularSpeed: 720
  _acceleration: 30
  _deceleration: 20
  _groundFriction: 8
  _useBrakingFriction: 0
  _brakingFriction: 8
  _airFriction: 0
  _airControl: 0.2
  _canCrouch: 0
  _standingHeight: 2
  _crouchingHeight: 1
  _baseJumpHeight: 1.25
  _extraJumpTime: 0.5
  _extraJumpPower: 20
  _jumpToleranceTime: 0.15
  _maxMidAirJumps: 0
  _useRootMotion: 0
  PlayerCamera: {fileID: 0}
  WalkSpeed: 5
  RunSpeed: 10
  WalkStaminaDrain: 1
  RunStaminaDrain: 2.5
--- !u!114 &6571829027229429335
MonoBehaviour:
  m_ObjectHideFlags: 0
  m_CorrespondingSourceObject: {fileID: 0}
  m_PrefabInstance: {fileID: 0}
  m_PrefabAsset: {fileID: 0}
  m_GameObject: {fileID: 6571829027229429337}
  m_Enabled: 1
  m_EditorHideFlags: 0
  m_Script: {fileID: 11500000, guid: 0eae04a4fe514bf4789aec1bdb93100b, type: 3}
  m_Name: 
  m_EditorClassIdentifier: 
  _maxLateralSpeed: 10
  _maxRiseSpeed: 20
  _maxFallSpeed: 20
  _useGravity: 1
  _gravity: 25
  _slideOnSteepSlope: 0
  _slopeLimit: 45
  _slideGravityMultiplier: 2
  _snapToGround: 1
  _snapStrength: 0.5
--- !u!114 &6571829027229429332
MonoBehaviour:
  m_ObjectHideFlags: 0
  m_CorrespondingSourceObject: {fileID: 0}
  m_PrefabInstance: {fileID: 0}
  m_PrefabAsset: {fileID: 0}
  m_GameObject: {fileID: 6571829027229429337}
  m_Enabled: 1
  m_EditorHideFlags: 0
  m_Script: {fileID: 11500000, guid: dad2beb1f5ff1d146b5668716966d9ab, type: 3}
  m_Name: 
  m_EditorClassIdentifier: 
  _groundMask:
    serializedVersion: 2
    m_Bits: 1025
  _groundLimit: 60
  _stepOffset: 0.3
  _ledgeOffset: 0
  _castDistance: 0.15
  _triggerInteraction: 1
--- !u!1001 &6571829027299972702
PrefabInstance:
  m_ObjectHideFlags: 0
  serializedVersion: 2
  m_Modification:
    m_TransformParent: {fileID: 6571829027229429331}
    m_Modifications:
    - target: {fileID: 1316981293597076, guid: 2f3e27eecb190e44a9af50723c394274, type: 3}
      propertyPath: m_Name
      value: PlayerModel
      objectReference: {fileID: 0}
    - target: {fileID: 4580766925885248, guid: 2f3e27eecb190e44a9af50723c394274, type: 3}
      propertyPath: m_RootOrder
      value: 0
      objectReference: {fileID: 0}
    - target: {fileID: 4580766925885248, guid: 2f3e27eecb190e44a9af50723c394274, type: 3}
      propertyPath: m_LocalPosition.x
      value: 0
      objectReference: {fileID: 0}
    - target: {fileID: 4580766925885248, guid: 2f3e27eecb190e44a9af50723c394274, type: 3}
      propertyPath: m_LocalPosition.y
      value: 0
      objectReference: {fileID: 0}
    - target: {fileID: 4580766925885248, guid: 2f3e27eecb190e44a9af50723c394274, type: 3}
      propertyPath: m_LocalPosition.z
      value: 0
      objectReference: {fileID: 0}
    - target: {fileID: 4580766925885248, guid: 2f3e27eecb190e44a9af50723c394274, type: 3}
      propertyPath: m_LocalRotation.w
      value: 1
      objectReference: {fileID: 0}
    - target: {fileID: 4580766925885248, guid: 2f3e27eecb190e44a9af50723c394274, type: 3}
      propertyPath: m_LocalRotation.x
      value: -0
      objectReference: {fileID: 0}
    - target: {fileID: 4580766925885248, guid: 2f3e27eecb190e44a9af50723c394274, type: 3}
      propertyPath: m_LocalRotation.y
      value: -0
      objectReference: {fileID: 0}
    - target: {fileID: 4580766925885248, guid: 2f3e27eecb190e44a9af50723c394274, type: 3}
      propertyPath: m_LocalRotation.z
      value: -0
      objectReference: {fileID: 0}
    - target: {fileID: 4580766925885248, guid: 2f3e27eecb190e44a9af50723c394274, type: 3}
      propertyPath: m_LocalEulerAnglesHint.x
      value: 0
      objectReference: {fileID: 0}
    - target: {fileID: 4580766925885248, guid: 2f3e27eecb190e44a9af50723c394274, type: 3}
      propertyPath: m_LocalEulerAnglesHint.y
      value: 0
      objectReference: {fileID: 0}
    - target: {fileID: 4580766925885248, guid: 2f3e27eecb190e44a9af50723c394274, type: 3}
      propertyPath: m_LocalEulerAnglesHint.z
      value: 0
      objectReference: {fileID: 0}
    - target: {fileID: 95787105524477528, guid: 2f3e27eecb190e44a9af50723c394274, type: 3}
      propertyPath: m_Controller
      value: 
      objectReference: {fileID: 9100000, guid: db785b1ad4a7cac4a888c3ab13d8fd06, type: 2}
    - target: {fileID: 95787105524477528, guid: 2f3e27eecb190e44a9af50723c394274, type: 3}
      propertyPath: m_ApplyRootMotion
      value: 0
      objectReference: {fileID: 0}
    m_RemovedComponents: []
  m_SourcePrefab: {fileID: 100100000, guid: 2f3e27eecb190e44a9af50723c394274, type: 3}
--- !u!4 &6567257060801141022 stripped
Transform:
  m_CorrespondingSourceObject: {fileID: 4580766925885248, guid: 2f3e27eecb190e44a9af50723c394274, type: 3}
  m_PrefabInstance: {fileID: 6571829027299972702}
  m_PrefabAsset: {fileID: 0}
